<collection>
<record>
<leader>07401cpcaa22009977a 4500</leader>
<controlfield tag="001">14009320</controlfield>
<controlfield tag="005">20240906164248.0</controlfield>
<controlfield tag="007">sd |||ennii||b</controlfield>
<controlfield tag="008">050620i19371941xx eng </controlfield>
<datafield ind1=" " ind2=" " tag="906">
<subfield code="a">7</subfield>
<subfield code="b">cbc</subfield>
<subfield code="c">orignew</subfield>
<subfield code="d">u</subfield>
<subfield code="e">ncip</subfield>
<subfield code="f">20</subfield>
<subfield code="g">y-folklife</subfield>
</datafield>
<datafield ind1=" " ind2=" " tag="955">
<subfield code="a">
mkru 2005-06-20; mkru 2005-07-06; mkru 2005-09-01; cker 2009-05-05; mkru 2011-03-03; cker 2012-01-17; cker 2012-03-01; cker 2012-28-12;
</subfield>
<subfield code="a">mseg 2013-01-07; cker 2013-01-11</subfield>
<subfield code="a">mkru 2013-04-29</subfield>
<subfield code="a">masmit 2020-06-10</subfield>
</datafield>
<datafield ind1=" " ind2=" " tag="010">
<subfield code="a"> 2005700234</subfield>
</datafield>
<datafield ind1=" " ind2=" " tag="040">
<subfield code="a">DLC</subfield>
<subfield code="c">DLC</subfield>
<subfield code="e">dacs</subfield>
<subfield code="d">DLC</subfield>
</datafield>
<datafield ind1=" " ind2=" " tag="043">
<subfield code="a">n-us-al</subfield>
<subfield code="a">n-us-nj</subfield>
</datafield>
<datafield ind1=" " ind2=" " tag="090">
<subfield code="a">IDB 30095-30155; IDB 44848-44853; IDB 45703-45704</subfield>
</datafield>
<datafield ind1=" " ind2=" " tag="090">
<subfield code="a">LWO 4872 reels 359A-365A</subfield>
</datafield>
<datafield ind1=" " ind2=" " tag="090">
<subfield code="a">AFS 05035-05098</subfield>
</datafield>
<datafield ind1=" " ind2=" " tag="090">
<subfield code="a">AFC 1941/018</subfield>
</datafield>
<datafield ind1="0" ind2="0" tag="245">
<subfield code="a">Robert Sonkin Alabama and New Jersey collection,</subfield>
<subfield code="f">1937-1941 /</subfield>
<subfield code="c">collected by Robert Sonkin.</subfield>
</datafield>
<datafield ind1="1" ind2=" " tag="246">
<subfield code="a">Robert Sonkin Gee's Bend collection,</subfield>
<subfield code="f">1937-1941</subfield>
</datafield>
<datafield ind1="1" ind2=" " tag="246">
<subfield code="i">Also known as:</subfield>
<subfield code="a">Gee's Bend collection,</subfield>
<subfield code="f">1937-1941</subfield>
</datafield>
<datafield ind1=" " ind2=" " tag="300">
<subfield code="3">manuscripts:</subfield>
<subfield code="a">7 folders.</subfield>
</datafield>
<datafield ind1=" " ind2=" " tag="300">
<subfield code="a">64 sound discs :</subfield>
<subfield code="b">analog, mono. ;</subfield>
<subfield code="c">12 in.</subfield>
</datafield>
<datafield ind1=" " ind2=" " tag="300">
<subfield code="a">121 sound files :</subfield>
<subfield code="b">digital, WAV files.</subfield>
</datafield>
<datafield ind1=" " ind2=" " tag="518">
<subfield code="a">
Instantaneous recordings made on Presto aluminum-base lacquer discs in Shell Pile, N.J. (2 discs); and in Bessemer, Camden, Gee's Bend, Greensboro, Palmerdale, Rehoboth, and Selma, Alabama (62 discs) from June 25 to around July 22, 1941.
</subfield>
</datafield>
<datafield ind1=" " ind2=" " tag="520">
<subfield code="a">
Collection comprises sound recordings, recording logs, and transcripts of song texts, correspondence (1938), field notes, reports, and ethnographic information from a field recording trip made by Robert Sonkin to Shell Pile, near Port Norris, New Jersey, and from there to Gee's Bend and other locations in Alabama in June-July 1941. Sonkin's field notes describe the African-American community of Shell Pile, named for the oyster shucking industry established there. Sonkin recorded African-American quartets performing gospel music in Shell Pile, N.J. June 25, 1941. However, most sound recordings in this collection were made in various locations in Gee's Bend, Alabama, and document African-American prayer meetings, sermons, gospel music, spirituals, hymns, jubilee quartet singing, blues, school children singing, recitations, as well as conversations. These include discussions about health and home remedies, about the Gee's Bend school, and about the Farm Security Administration (FSA) Gee's Bend project. Narratives by two former slaves, Isom Moseley and Alice Gaston, were recorded in Gee's Bend on July 21, 1941. Sonkin also recorded gospel quartet music in Bessemer, Alabama; interviews in Camden, Alabama; hymns in Rehoboth and Greensboro, Alabama; conversation in Palmerdale, Alabama; and blues in Selma, Alabama. There are typescript copies of research materials about Gee's Bend, Alabama, (1937-1939 and undated) including a paper, "An exploratory study of the customs, attitudes and folkways of the people in the community of Gee's Bend," by Nathaniel S. Colley of the Tuskegee Institute. Other reports in the collection on farm production, the construction of new housing and barns, home economics, and community health were issued by government agencies including the Farm Security Administration, U.S. Dept. of Agriculture, which administered the Gee's Bend Project.
</subfield>
</datafield>
<datafield ind1="8" ind2=" " tag="524">
<subfield code="a">
Robert Sonkin Alabama and New Jersey Collection (AFC 1941/018), Archive of Folk Culture, American Folklife Center, Library of Congress, Washington, D.C.
</subfield>
</datafield>
<datafield ind1=" " ind2=" " tag="530">
<subfield code="a">
Sound recordings of interviews with Alice Gaston and Isom Moseley from this collection are available online as part of the National Digital Library American Memory presentation, "Voices From the Days of Slavery."
</subfield>
</datafield>
<datafield ind1=" " ind2=" " tag="540">
<subfield code="a">
Duplication of the collection materials may be governed by copyright and other restrictions.
</subfield>
</datafield>
<datafield ind1=" " ind2=" " tag="541">
<subfield code="a">Robert Sonkin;</subfield>
<subfield code="c">Donation;</subfield>
<subfield code="d">1941.</subfield>
</datafield>
<datafield ind1="1" ind2=" " tag="544">
<subfield code="3">Photographs:</subfield>
<subfield code="d">
Arthur Rothstein, "Gee's Bend, between Selma and Mobile, Ala. Feb.-Apr. 1937,"
</subfield>
<subfield code="a">
Prints and Photographs Division, Library of Congress, LOT 1616 (M)
</subfield>
</datafield>
<datafield ind1="1" ind2=" " tag="544">
<subfield code="3">Photographs:</subfield>
<subfield code="d">
Marion Post Wolcott, "Gee's Bend, between Selma and Mobile, Ala. May 1939."
</subfield>
<subfield code="a">
Prints and Photographs Division, Library of Congress, LOT 1617 (M)
</subfield>
</datafield>
<datafield ind1=" " ind2=" " tag="555">
<subfield code="a">
Bibliographic information for titles in this collection is found in the online resource, Traditional Music and Spoken Word Catalog from the American Folklife Center: Search for audio titles in the Robert Sonkin Alabama and New Jersey Collection.
</subfield>
</datafield>
<datafield ind1="1" ind2="0" tag="600">
<subfield code="a">Sonkin, Robert,</subfield>
<subfield code="d">1910-1980</subfield>
<subfield code="x">Ethnomusicological collections.</subfield>
</datafield>
<datafield ind1="1" ind2="0" tag="610">
<subfield code="a">United States.</subfield>
<subfield code="b">Farm Security Administration.</subfield>
</datafield>
<datafield ind1=" " ind2="0" tag="650">
<subfield code="a">Gospel music</subfield>
<subfield code="z">Alabama.</subfield>
</datafield>
<datafield ind1=" " ind2="0" tag="650">
<subfield code="a">Gospel music</subfield>
<subfield code="z">New Jersey.</subfield>
</datafield>
<datafield ind1=" " ind2="0" tag="650">
<subfield code="a">African American gospel singers</subfield>
<subfield code="z">Alabama.</subfield>
</datafield>
<datafield ind1=" " ind2="0" tag="650">
<subfield code="a">African American gospel singers</subfield>
<subfield code="z">New Jersey.</subfield>
</datafield>
<datafield ind1=" " ind2="0" tag="650">
<subfield code="a">Folk songs, English</subfield>
<subfield code="z">Alabama</subfield>
<subfield code="v">Texts.</subfield>
</datafield>
<datafield ind1=" " ind2="0" tag="650">
<subfield code="a">Folk songs, English</subfield>
<subfield code="z">New Jersey</subfield>
<subfield code="v">Texts.</subfield>
</datafield>
<datafield ind1=" " ind2="0" tag="650">
<subfield code="a">African Americans</subfield>
<subfield code="v">Music.</subfield>
</datafield>
<datafield ind1=" " ind2="0" tag="650">
<subfield code="a">African Americans</subfield>
<subfield code="z">Alabama</subfield>
<subfield code="x">Folklore.</subfield>
</datafield>
<datafield ind1=" " ind2="0" tag="650">
<subfield code="a">African Americans</subfield>
<subfield code="z">Alabama</subfield>
<subfield code="x">Social life and customs.</subfield>
</datafield>
<datafield ind1=" " ind2="0" tag="650">
<subfield code="a">African Americans</subfield>
<subfield code="z">Alabama</subfield>
<subfield code="x">Social conditions.</subfield>
</datafield>
<datafield ind1=" " ind2="0" tag="650">
<subfield code="a">African Americans</subfield>
<subfield code="z">Alabama</subfield>
<subfield code="v">Interviews.</subfield>
</datafield>
<datafield ind1=" " ind2="0" tag="650">
<subfield code="a">African American families</subfield>
<subfield code="z">Alabama.</subfield>
</datafield>
<datafield ind1=" " ind2="0" tag="650">
<subfield code="a">African American farmers</subfield>
<subfield code="z">Alabama.</subfield>
</datafield>
<datafield ind1=" " ind2="0" tag="650">
<subfield code="a">African American school children</subfield>
<subfield code="z">Alabama.</subfield>
</datafield>
<datafield ind1=" " ind2="0" tag="650">
<subfield code="a">Slave narratives</subfield>
<subfield code="z">Alabama.</subfield>
</datafield>
<datafield ind1=" " ind2="0" tag="650">
<subfield code="a">Slavery</subfield>
<subfield code="z">Alabama.</subfield>
</datafield>
<datafield ind1=" " ind2="0" tag="650">
<subfield code="a">Sharecropping</subfield>
<subfield code="z">Alabama.</subfield>
</datafield>
<datafield ind1=" " ind2="0" tag="650">
<subfield code="a">Jubilee singers</subfield>
<subfield code="z">Alabama.</subfield>
</datafield>
<datafield ind1=" " ind2="0" tag="650">
<subfield code="a">Hymns, English</subfield>
<subfield code="z">Alabama.</subfield>
</datafield>
<datafield ind1=" " ind2="0" tag="650">
<subfield code="a">Spirituals (Songs)</subfield>
<subfield code="z">Alabama.</subfield>
</datafield>
<datafield ind1=" " ind2="0" tag="650">
<subfield code="a">Blues (Music)</subfield>
<subfield code="y">1941-1950.</subfield>
</datafield>
<datafield ind1=" " ind2="0" tag="650">
<subfield code="a">Traditional medicine</subfield>
<subfield code="z">Alabama.</subfield>
</datafield>
<datafield ind1=" " ind2="0" tag="650">
<subfield code="a">Freed persons</subfield>
<subfield code="z">Alabama</subfield>
<subfield code="v">Interviews.</subfield>
</datafield>
<datafield ind1=" " ind2="0" tag="651">
<subfield code="a">Boykin (Wilcox County, Ala.)</subfield>
<subfield code="x">Social life and customs.</subfield>
</datafield>
<datafield ind1=" " ind2="0" tag="651">
<subfield code="a">Boykin (Wilcox County, Ala.)</subfield>
<subfield code="x">Religious life and customs.</subfield>
</datafield>
<datafield ind1=" " ind2="4" tag="651">
<subfield code="a">Gee's Bend (Ala.)</subfield>
<subfield code="x">Social life and customs.</subfield>
</datafield>
<datafield ind1=" " ind2="4" tag="651">
<subfield code="a">Gee's Bend (Ala.)</subfield>
<subfield code="x">Religious life and customs.</subfield>
</datafield>
<datafield ind1=" " ind2="0" tag="651">
<subfield code="a">Shell Pile (N.J.)</subfield>
<subfield code="x">Social life and customs.</subfield>
</datafield>
<datafield ind1=" " ind2="0" tag="650">
<subfield code="a">Field recordings</subfield>
<subfield code="z">New Jersey.</subfield>
</datafield>
<datafield ind1=" " ind2="0" tag="650">
<subfield code="a">Field recordings</subfield>
<subfield code="z">Alabama.</subfield>
</datafield>
<datafield ind1=" " ind2="0" tag="650">
<subfield code="a">Field recordings.</subfield>
</datafield>
<datafield ind1=" " ind2="7" tag="655">
<subfield code="a">Manuscripts.</subfield>
<subfield code="2">aat</subfield>
</datafield>
<datafield ind1=" " ind2="7" tag="655">
<subfield code="a">Sound recordings.</subfield>
<subfield code="2">aat</subfield>
</datafield>
<datafield ind1=" " ind2="7" tag="655">
<subfield code="a">Transcripts.</subfield>
<subfield code="2">aat</subfield>
</datafield>
<datafield ind1=" " ind2="7" tag="655">
<subfield code="a">Interviews.</subfield>
<subfield code="2">aat</subfield>
</datafield>
<datafield ind1=" " ind2="7" tag="655">
<subfield code="a">Sermons.</subfield>
<subfield code="2">aat</subfield>
</datafield>
<datafield ind1=" " ind2="7" tag="655">
<subfield code="a">Prayers.</subfield>
<subfield code="2">aat</subfield>
</datafield>
<datafield ind1="1" ind2=" " tag="700">
<subfield code="a">Gaston, Alice,</subfield>
<subfield code="e">interviewee.</subfield>
</datafield>
<datafield ind1="1" ind2=" " tag="700">
<subfield code="a">Moseley, Isom,</subfield>
<subfield code="e">interviewee.</subfield>
</datafield>
<datafield ind1="1" ind2=" " tag="700">
<subfield code="a">Sonkin, Robert,</subfield>
<subfield code="d">1910-1980,</subfield>
<subfield code="e">collector.</subfield>
</datafield>
<datafield ind1="1" ind2=" " tag="700">
<subfield code="a">Sonkin, Robert,</subfield>
<subfield code="d">1910-1980,</subfield>
<subfield code="e">interviewer.</subfield>
</datafield>
<datafield ind1="1" ind2="2" tag="700">
<subfield code="a">Colley, Nathaniel Sextus,</subfield>
<subfield code="d">1918-</subfield>
<subfield code="t">
Exploratory study of the customs, attitudes and folkways of the people in the community of Gee's Bend.
</subfield>
</datafield>
<datafield ind1="1" ind2=" " tag="710">
<subfield code="a">United States.</subfield>
<subfield code="b">Farm Security Administration.</subfield>
</datafield>
<datafield ind1="2" ind2=" " tag="710">
<subfield code="a">Archive of Folk Song (U.S.)</subfield>
</datafield>
<datafield ind1="0" ind2=" " tag="740">
<subfield code="a">Voices from the days of slavery.</subfield>
</datafield>
<datafield ind1=" " ind2=" " tag="852">
<subfield code="a">DLC-AFC</subfield>
<subfield code="b">Archive of Folk Culture, American Folklife Center,</subfield>
<subfield code="e">
101 Independence Ave. S.E., Washington, DC USA 20540-4610
</subfield>
</datafield>
<datafield ind1="4" ind2="2" tag="856">
<subfield code="3">Finding aid</subfield>
<subfield code="u">http://hdl.loc.gov/loc.afc/eadafc.af005004</subfield>
</datafield>
<datafield ind1="4" ind2="2" tag="856">
<subfield code="3">
Search for audio titles in the Robert Sonkin Alabama and New Jersey Collection
</subfield>
<subfield code="u">http://hdl.loc.gov/loc.afc/collafc.af000118</subfield>
</datafield>
<datafield ind1="4" ind2="2" tag="856">
<subfield code="3">
Selected interviews in Voices from the days of slavery, former slaves' narratives
</subfield>
<subfield code="u">http://hdl.loc.gov/loc.afc/collafc.af000006</subfield>
</datafield>
<datafield ind1=" " ind2=" " tag="985">
<subfield code="a">afc/ead</subfield>
</datafield>
<datafield ind1=" " ind2=" " tag="985">
<subfield code="a">afc/coll</subfield>
</datafield>
</record>
</collection>